@book{Jackson,
author = {John David Jackson},
title = {KLASSISCHE ELEKTRODYNAMIK},
date = {2016-03-26}
}
@online{wiki_fresnel,
title = {Fresnelsche Formeln},
urldate = {2016-03-26},
url = {https://de.wikipedia.org/wiki/Fresnelsche_Formeln}
}

