@online{wiki_tunnel,
title = {Tenneleffekt},
urldate = {2015-09-23},
url = {https://de.wikipedia.org/wiki/Tunneleffekt},
}
@online{tunnel_pic,
title = {Tunneleffekt - Wellenfunktion und Potential (1)},
urldate = {2015-09-23},
url = {http://www.semibyte.de/wp/graphicslibrary/gl-physics/tunneleffekt},
}

@online{iridium,
title = {Iridium},
urldate = {2015-09-24},
url = {https://de.wikipedia.org/wiki/Iridium},
OPTlanguage = {Deutsch},
}
