@online{WQtot,
title = {Wirkungsquerschnitt},
urldate = {2015-08-29},
url = {http://erlangen.physicsmasterclasses.org/exp\_stoss/stoss\_streu\_4.html},
}
@online{wikiWQkleinnishina,
title = {Klein-Nishina-Wirkungsquerschnitt},
urldate = {2016-03-16},
url = {https://de.wikipedia.org/wiki/Klein-Nishina-Wirkungsquerschnitt},
}
@online{Versuchsanleitung,
title = {Versuchsanleitung Fortgeschrittenen Praktikum},
urldate = {2016-03-16},
url = {https://moodle2.uni-wuppertal.de/pluginfile.php/223728/mod_resource/content/1/fpi-8.pdf},
}
@online{Comptonkinematikbild,
urldate = {2016-03-16},
url = {http://www.semibyte.de/wp/download/graphicslib/physics/compton-effekt_1.pdf},
}