@online{Schematischer_Aufbau,
title = {Aufbau des Experimentes},
urldate = {2015-10-06},
url = {https://moodle2.uni-wuppertal.de/pluginfile.php/231744/mod_resource/content/1/Michelson-Anleitung_2015-7.pdf},
}
@online{Staatsex_Michels,
title = {Aufbau eines Michelson-Interferometer-Versuchs},
url = {https://moodle2.uni-wuppertal.de/pluginfile.php/223735/mod_resource/content/1/fpII_6_se.pdf},
urldate = {2015-10-06},
}