http://scienceblogs.de/diaxs-rake/wp-content/blogs.dir/39/files/2012/06/i-cc74a80d08293de771c53cccf74914c7-525px-EfektMeisnera-thumb-420x420.png

http://ruby.chemie.uni-freiburg.de/Vorlesung/SVG/Angewandte/sl_1_2.svg

https://upload.wikimedia.org/wikipedia/de/thumb/a/ae/Deformation-ElWW.svg/400px-Deformation-ElWW.svg.png

https://de.wikipedia.org/wiki/Josephson-Effekt