@online{Fitkurve,
title = {Kurihara, Kazuyoshi, Kaori Nakamura und Koji Suzuki. Asymmetric SPR sensor response curve-fitting equation for the accurate determination of SPR resonance angle. Sensors and Actuators},
urldate = {2016-03-10},
url = {http://fir.u-fukui.ac.jp/fukuiseminar/kuri4.pdf},
}
@online{Versuchsanleitung,
title = {Versuchsanleitung Fortgeschrittenen Praktikum},
urldate = {2016-03-09},
url = {https://moodle2.uni-wuppertal.de/pluginfile.php/223727/mod_resource/content/1/fpI_10.pdf},
}
@article{Protokoll_Jens_Philipp,
author = {Jens Roggel, Philipp Pagel},
title = {FP V10 Oberfl"achenplasmonen},
date = {2016-01-05},
urldate = {2016-03-10},
}

