@book{test,
author = {C. Kittel},
title = {Einführung in die Festkörperphysik},
date = {München, Wien, R. Oldenbourg Verlag, 1999},
}

@book{the_id,
author = {C. Kittel},
title = {Einführung in die Festkörperphysik},
date = {1999},
edition = {6.},
publisher = {R. Oldenbourg Verlag},
location = {München, Wien},
}
