@online{ammoniak,
title = {Wikipedia: Ammoniak},
url = {https://de.wikipedia.org/wiki/Ammoniak},
urldate = {2016-03-30},
}
@thesis{examenarbeit,
author = {Rainer Groß},
title = {Bau und Test einer Apparatur, zur Messung des NH3-Inversionsspektrums},
}
@thesis{philippundjensproto,
author = {Philipp Pagel and Jens Roggel},
title = {FP V10 Mikrowellen-Inversionsspektrum des NH3-Moleküls},
date = {2016-01-20},
}
@book{cohentanudji,
author = { C. Cohentanudji and B. Diu and F. Laloe},
title = {Quantenmechanik},
}



