@book{povh,
author = {Povh, Rith, Scholz, Zetsche},
title = {Teilchen und Kerne},
date = {2004},
OPTversion = {6.}
OPTlanguage = {Deutsch},
OPToriglanguage = {Deutsch},
OPTpublisher = {Springer Verlag},
OPTisbn = {3-540-21065-2},
OPTpages = {416},
}

@book{perkins,
author = {Donald H. Perkins},
title = {Introduction to High Energy Physics},
date = {1986},
OPTlanguage = {Englisch},
OPToriglanguage = {Englisch},
OPTedition = {3. },
OPTpublisher = {Addison-Wesley Publishing Company, Inc.},
OPTisbn = {0-201-12105-0},
}
