@online{WQtot,
title = {http://erlangen.physicsmasterclasses.org/exp\_stoss/stoss\_streu\_4.html},
date = {29.08.2015},
url = {http://erlangen.physicsmasterclasses.org/exp\_stoss/stoss\_streu\_4.html},
}
